@article{vaquero2011dynamically,
  title={Dynamically scaling applications in the cloud},
  author={Vaquero, Luis M and Rodero-Merino, Luis and Buyya, Rajkumar},
  journal={ACM SIGCOMM Computer Communication Review},
  volume={41},
  number={1},
  pages={45--52},
  year={2011},
  publisher={ACM}
}

@inproceedings{leitner2012cloudscale,
  title={CloudScale: a novel middleware for building transparently scaling cloud applications},
  author={Leitner, Philipp and Satzger, Benjamin and Hummer, Waldemar and Inzinger, Christian and Dustdar, Schahram},
  booktitle={Proceedings of the 27th Annual ACM Symposium on Applied Computing},
  pages={434--440},
  year={2012},
  organization={ACM}
}



@techreport{Leitner2013,
annote = {--Read RW for AIC paper},
author = {Leitner, P and Rostyslav, Z and Hummer, W and Inzinger, C and Leitner, Philipp and Hummer, Waldemar and Inzinger, Christian},
file = {:D$\backslash$:/Office/Mendeley-papers/Cloudscale- Efciently implementing elastic applications for infrastructure-as-a Service clouds\_Technical Report.pdf:pdf},
keywords = {cloud computing,elastic applications,java,middleware},
mendeley-groups = {PhD/Courses/AIC},
title = {{CloudScale : Efficiently Implementing Elastic Applications for Infrastructure-as-a-Service Clouds}},
year = {2013}
}

@article{chohan2009appscale,
  title={AppScale design and implementation},
  author={Chohan, Navraj and Bunch, Chris and Pang, Sydney and Krintz, Chandra and Mostafa, Nagy and Soman, Sunil and Wolski, Rich},
  year={2009},
  publisher={Citeseer}
}

@article{vecchiola2009aneka,
  title={Aneka: a software platform for .NET-based cloud computing},
  author={Vecchiola, Christian and Chu, Xingchen and Buyya, Rajkumar},
  journal={High Speed and Large Scale Scientific Computing},
  pages={267--295},
  year={2009},
  publisher={IOS Press, Amsterdam, Netherlands}
}

@inproceedings{miranda2012enough,
  title={Enough about standardization, let's build cloud applications},
  author={Miranda, Javier and Guill{\'e}n, Joaqu{\'\i}n and Murillo, Juan Manuel and Canal, Carlos},
  booktitle={Proceedings of the WICSA/ECSA 2012 Companion Volume},
  pages={74--77},
  year={2012},
  organization={ACM}
}

@inproceedings{keller2013topology,
  title={A topology-aware adaptive deployment framework for elastic applications},
  author={Keller, Matthias and Peuster, Manuel and Robbert, Christoph and Karl, Holger},
  booktitle={Intelligence in Next Generation Networks (ICIN), 2013 17th International Conference on},
  pages={61--69},
  year={2013},
  organization={IEEE}
}

@incollection{di2012towards,
  title={Towards a formal component model for the cloud},
  author={Di Cosmo, Roberto and Zacchiroli, Stefano and Zavattaro, Gianluigi},
  booktitle={Software Engineering and Formal Methods},
  pages={156--171},
  year={2012},
  publisher={Springer}
}

@inproceedings{brebner2012your,
  title={Is your cloud elastic enough?: performance modelling the elasticity of infrastructure as a service (IaaS) cloud applications},
  author={Brebner, Paul C},
  booktitle={Proceedings of the third joint WOSP/SIPEW international conference on Performance Engineering},
  pages={263--266},
  year={2012},
  organization={ACM}
}

@inproceedings{kachele2013component,
  title={Component-based scalability for cloud applications},
  author={K{\"a}chele, Steffen and Hauck, Franz J},
  booktitle={Proceedings of the 3rd International Workshop on Cloud Data and Platforms},
  pages={19--24},
  year={2013},
  organization={ACM}
}

@inproceedings{larus2013look,
  title={Look up!: your future is in the cloud},
  author={Larus, James R},
  booktitle={Proceedings of the 34th ACM SIGPLAN conference on Programming language design and implementation},
  pages={1--2},
  year={2013},
  organization={ACM}
}

@inproceedings{bykov2011orleans,
  title={Orleans: cloud computing for everyone},
  author={Bykov, Sergey and Geller, Alan and Kliot, Gabriel and Larus, James R and Pandya, Ravi and Thelin, Jorgen},
  booktitle={Proceedings of the 2nd ACM Symposium on Cloud Computing},
  pages={16},
  year={2011},
  organization={ACM}
}

@inproceedings{han2012lightweight,
  title={Lightweight resource scaling for cloud applications},
  author={Han, Rui and Guo, Li and Ghanem, Moustafa M and Guo, Yike},
  booktitle={Cluster, Cloud and Grid Computing (CCGrid), 2012 12th IEEE/ACM International Symposium on},
  pages={644--651},
  year={2012},
  organization={IEEE}
}

@article{rodero2010infrastructure,
  title={From infrastructure delivery to service management in clouds},
  author={Rodero-Merino, Luis and Vaquero, Luis M and Gil, Victor and Gal{\'a}n, Ferm{\'\i}n and Font{\'a}n, Javier and Montero, Rub{\'e}n S and Llorente, Ignacio M},
  journal={Future Generation Computer Systems},
  volume={26},
  number={8},
  pages={1226--1240},
  year={2010},
  publisher={Elsevier}
}

@incollection{wu2009unified,
  title={A unified framework for load distribution and fault-tolerance of application servers},
  author={Wu, Huaigu and Kemme, Bettina},
  booktitle={Euro-Par 2009 Parallel Processing},
  pages={178--190},
  year={2009},
  publisher={Springer}
}